<?xml version="1.0" encoding="UTF-8"?><record xmlns="http://www.loc.gov/MARC21/slim" xmlns:cinclude="http://apache.org/cocoon/include/1.0" xmlns:zs="http://www.loc.gov/zing/srw/">
  <leader>00787cz  a2200181n  4500</leader>
  <controlfield tag="001">n  91014266 </controlfield>
  <controlfield tag="003">DLC</controlfield>
  <controlfield tag="005">20130315102902.0</controlfield>
  <controlfield tag="008">910211n| azannaabn          |a aaa     c</controlfield>
  <datafield tag="010" ind1=" " ind2=" ">
    <subfield code="a">n  91014266 </subfield>
  </datafield>
  <datafield tag="040" ind1=" " ind2=" ">
    <subfield code="a">ICU</subfield>
    <subfield code="b">eng</subfield>
    <subfield code="e">rda</subfield>
    <subfield code="c">ICU</subfield>
    <subfield code="d">DLC</subfield>
  </datafield>
  <datafield tag="046" ind1=" " ind2=" ">
    <subfield code="f">1850</subfield>
  </datafield>
  <datafield tag="100" ind1="1" ind2=" ">
    <subfield code="a">Brühl, Jul. Wilh.</subfield>
    <subfield code="q">(Julius Wilhelm),</subfield>
    <subfield code="d">1850-</subfield>
  </datafield>
  <datafield tag="378" ind1=" " ind2=" ">
    <subfield code="q">Julius Wilhelm</subfield>
  </datafield>
  <datafield tag="400" ind1="1" ind2=" ">
    <subfield code="w">nnea</subfield>
    <subfield code="a">Brühl, Jul. Wilh.</subfield>
    <subfield code="q">(Julius Wilhelm),</subfield>
    <subfield code="d">b. 1850</subfield>
  </datafield>
  <datafield tag="400" ind1="1" ind2=" ">
    <subfield code="a">Brühl, Julius Wilhelm,</subfield>
    <subfield code="d">1850-</subfield>
  </datafield>
  <datafield tag="670" ind1=" " ind2=" ">
    <subfield code="a">LCCN 06-34838: His Die pflanzen-alkaloide, 1900</subfield>
    <subfield code="b">(hdg.: Brühl, Julius Wilhelm, 1850- ; usage: Jul. Wilh. Brühl)</subfield>
  </datafield>
  <datafield tag="670" ind1=" " ind2=" ">
    <subfield code="a">Die Constitution der ganz substituirten Amido- und Phosphido- Säuren ... 1875:</subfield>
    <subfield code="b">t.p. (Julius Wilhelm Brühl aus Warschau; Inaugural-Dissertation ... der Universität Göttingen, 1875)</subfield>
  </datafield>
</record>